 @misc{chipmunk2d,
    title   ={{Chipmunk2D Physics}},
    url     ={https://chipmunk-physics.net/}, 
    journal ={Chipmunk2D Physics}
}

 @misc{pymunk,
  title   = {Pymunk},
  url     = {http://www.pymunk.org/en/latest/},
  journal = {Pymunk}
}  

@article{harris2020array,
  title     = {Array programming with {NumPy}},
  author    = {Charles R. Harris and K. Jarrod Millman and St{'{e}}fan J.
                 van der Walt and Ralf Gommers and Pauli Virtanen and David
                 Cournapeau and Eric Wieser and Julian Taylor and Sebastian
                 Berg and Nathaniel J. Smith and Robert Kern and Matti Picus
                 and Stephan Hoyer and Marten H. van Kerkwijk and Matthew
                 Brett and Allan Haldane and Jaime Fern{'{a}}ndez del
                 R{'{\i}}o and Mark Wiebe and Pearu Peterson and Pierre
                 G{'{e}}rard-Marchant and Kevin Sheppard and Tyler Reddy and
                 Warren Weckesser and Hameer Abbasi and Christoph Gohlke and
                 Travis E. Oliphant},
  year      = {2020},
  month     = sep,
  journal   = {Nature},
  volume    = {585},
  number    = {7825},
  pages     = {357--362},
  doi       = {10.1038/s41586-020-2649-2},
  publisher = {Springer Science and Business Media {LLC}},
  url       = {https://doi.org/10.1038/s41586-020-2649-2}
}

@article{merkel2014docker,
  title   = {{Docker}: lightweight linux containers for consistent development and deployment},
  author  = {Merkel, Dirk},
  journal = {Linux journal},
  volume  = {2014},
  number  = {239},
  pages   = {2},
  year    = {2014}
}

@article{Wollschlaeger2017TheFutureofIndustrialComm,
  author  = {Wollschlaeger, Martin and Sauter, Thilo and Jasperneite, Juergen},
  journal = {IEEE Industrial Electronics Magazine},
  title   = {The Future of Industrial Communication: Automation Networks in the Era of the Internet of Things and Industry 4.0},
  year    = {2017},
  volume  = {11},
  number  = {1},
  pages   = {17-27},
  doi     = {10.1109/MIE.2017.2649104}
}

@inproceedings{Lee2008CPSChallenges,
  author    = {Lee, Edward A.},
  booktitle = {2008 11th IEEE International Symposium on Object and Component-Oriented Real-Time Distributed Computing (ISORC)},
  title     = {Cyber Physical Systems: Design Challenges},
  year      = {2008},
  volume    = {},
  number    = {},
  pages     = {363-369},
  doi       = {10.1109/ISORC.2008.25}
}

@article{Gupta2010NCSOverview,
  author  = {Gupta, Rachana Ashok and Chow, Mo-Yuen},
  journal = {IEEE Transactions on Industrial Electronics},
  title   = {Networked Control System: Overview and Research Trends},
  year    = {2010},
  volume  = {57},
  number  = {7},
  pages   = {2527-2535},
  doi     = {10.1109/TIE.20}
}

@inproceedings{Zoppi2020NCSBench,
  author    = {Zoppi, Samuele and Ayan, Onur and Molinari, Fabio and Music, Zenit and Gallenmüller, Sebastian and Carle, Georg and Kellerer, Wolfgang},
  booktitle = {2020 IEEE 17th Annual Consumer Communications   Networking Conference (CCNC)},
  title     = {{NCSbench}: Reproducible Benchmarking Platform for Networked Control Systems},
  year      = {2020},
  volume    = {},
  number    = {},
  pages     = {1-9},
  doi       = {10.1109/CCNC46108.2020.9045199}
}

@article{Zhang2013Survey,
  author  = {Zhang, Lixian and Gao, Huijun and Kaynak, Okyay},
  journal = {IEEE Transactions on Industrial Informatics},
  title   = {Network-Induced Constraints in Networked Control Systems—A Survey},
  year    = {2013},
  volume  = {9},
  number  = {1},
  pages   = {403-416},
  doi     = {10.1109/TII.2012.2219540}
}

@article{Zhang2016Survey,
  author  = {Zhang, Xian-Ming and Han, Qing-Long and Yu, Xinghuo},
  journal = {IEEE Transactions on Industrial Informatics},
  title   = {Survey on Recent Advances in Networked Control Systems},
  year    = {2016},
  volume  = {12},
  number  = {5},
  pages   = {1740-1752},
  doi     = {10.1109/TII.2015.2506545}
}

@inproceedings{Rajkumar2010CPS,
  author    = {Rajkumar, Ragunathan and Lee, Insup and Sha, Lui and Stankovic, John},
  booktitle = {Design Automation Conference},
  title     = {Cyber-physical systems: The next computing revolution},
  year      = {2010},
  volume    = {},
  number    = {},
  pages     = {731-736},
  doi       = {10.1145/1837274.1837461}
}

@article{Lu2015WSAN,
  author  = {Lu, Chenyang and Saifullah, Abusayeed and Li, Bo and Sha, Mo and Gonzalez, Humberto and Gunatilaka, Dolvara and Wu, Chengjie and Nie, Lanshun and Chen, Yixin},
  journal = {Proceedings of the IEEE},
  title   = {Real-Time Wireless Sensor-Actuator Networks for Industrial Cyber-Physical Systems},
  year    = {2016},
  volume  = {104},
  number  = {5},
  pages   = {1013-1024},
  doi     = {10.1109/JPROC.2015.2497161}
}

@inproceedings{Drew2005NCSWLAN,
  author    = {Drew, M. and Xiangheng Liu and Goldsmith, A. and Hedrick, K.},
  booktitle = {Proceedings of the 44th IEEE Conference on Decision and Control},
  title     = {Networked Control System Design over a Wireless LAN},
  year      = {2005},
  volume    = {},
  number    = {},
  pages     = {6704-6709},
  doi       = {10.1109/CDC.2005.1583239}
}

@inproceedings{Baumann2018LowPower,
  author    = {Baumann, Dominik and Mager, Fabian and Singh, Harsoveet and Zimmerling, Marco and Trimpe, Sebastian},
  booktitle = {2018 IEEE Workshop on Benchmarking Cyber-Physical Networks and Systems (CPSBench)},
  title     = {Evaluating Low-Power Wireless Cyber-Physical Systems},
  year      = {2018},
  volume    = {},
  number    = {},
  pages     = {13-18},
  doi       = {10.1109/CPSBench.2018.00009}
}

@article{Hespanha2007Survey,
  author  = {Hespanha, Joo P. and Naghshtabrizi, Payam and Xu, Yonggang},
  journal = {Proceedings of the IEEE},
  title   = {A Survey of Recent Results in Networked Control Systems},
  year    = {2007},
  volume  = {95},
  number  = {1},
  pages   = {138-162},
  doi     = {10.1109/JPROC.2006.887288}
}